@ARTICLE{tack_can_2011,author = {Tack, Ayco J M and Gripenberg, Sofia and Roslin, Tomas},
title = {Can we predict indirect interactions from quantitative food webs?–an experimental approach.},
issn = {1365-2656},
number = {1},
month = {jan},
volume = {80},
link = {http://www.ncbi.nlm.nih.gov/pubmed/20796204},
year = {2011},
journal = {The Journal of animal ecology},
}
@BOOK{hubbell_unified_2001,publisher = {Princeton University Press},
isbn = {0691021287},
title = {The Unified Neutral Theory of Biodiversity and Biogeography},
author = {Hubbell, Stephen P},
address = {Princeton},
}
@ARTICLE{stouffer_quantitative_2005,keyword = {complex networks, empirical, food-web patterns, food webs, food-web structure, model vs, network structure, scaling, universality},
author = {Stouffer, Daniel B and Camacho, Juan and Guimera, R and Ng, C A and Amaral, Luís A Nunes},
journal = {Ecology},
title = {Quantitative patterns in the structure of model and empirical food webs},
number = {5},
volume = {86},
link = {http://www.esajournals.org/doi/pdf/10.1890/04-0957},
year = {2005},
pages = {1301–1311},
}
@ARTICLE{yeakel_probabilistic_2012,author = {Yeakel, J. D. and Guimaraes, P. R. and Novak, M. and Fox-Dobbs, K. and Koch, P. L.},
issn = {1742-5689},
month = {jul},
link = {http://rsif.royalsocietypublishing.org/cgi/content/abstract/rsif.2012.0481v1},
pages = {rsif.2012.0481–},
year = {2012},
title = {Probabilistic patterns of interaction: the effects of link-strength variability on food web structure},
journal = {Journal of The Royal Society Interface},
}
@ARTICLE{ings_ecological_2009,author = {Ings, Thomas C and Montoya, José M and Bascompte, Jordi and Blüthgen, Nico and Brown, Lee and Dormann, Carsten F and Edwards, Fran{\textbackslash}ccois and Figueroa, David and Jacob, Ute and Jones, J Iwan and Lauridsen, Rasmus B and Ledger, Mark E and Lewis, Hannah M and Olesen, Jens M and van Veen, Frank J F and Warren, Phil H and Woodward, Guy},
keyword = {Animal, animal physiology, Animal: physiology, Animals, Behavior, Biological Evolution, Ecology, ecology methods, Ecology: methods, ecology trends, Ecology: trends, evolution, Food Chain},
title = {Ecological networks–beyond food webs.},
issn = {13652656},
number = {1},
volume = {78},
link = {http://www.ncbi.nlm.nih.gov/pubmed/19120606},
year = {2009},
journal = {Journal of Animal Ecology},
}
@ARTICLE{schleuning_specialization_2012,author = {Schleuning, Matthias and Fründ, Jochen and Klein, Alexandra-maria and Abrahamczyk, Stefan and Alarcón, Ruben and Albrecht, Matthias and Andersson, Georg K S and Bazarian, Simone and Böhning-Gaese, Katrin and Bommarco, Riccardo and Dalsgaard, Bo and Dehling, D Matthias and Gotlieb, Ariella and Hagen, Melanie and Hickler, Thomas and Holzschuh, Andrea and Kaiser-Bunbury, Christopher N and Kreft, Holger and Morris, Rebecca J and Sandel, Brody and Sutherland, William J and Svenning, Jens-christian and Tscharntke, Teja and Watts, Stella and Weiner, Christiane N and Werner, Michael and Williams, Neal M and Winqvist, Camilla and Dormann, Carsten F and Blüthgen, Nico},
title = {Specialization of Mutualistic Interaction Networks Decreases toward Tropical Latitudes.},
issn = {1879-0445},
number = {20},
month = {oct},
volume = {22},
link = {http://www.ncbi.nlm.nih.gov/pubmed/22981771},
pages = {1925–31},
year = {2012},
journal = {Current biology},
}
@ARTICLE{rohr_modeling_2010,author = {Rohr, Rudolf Philippe and Scherer, Heike and Kehrli, Patrik and Mazza, Christian and Bersier, Louis-Félix},
keyword = {Animals, Bayes Theorem, Biological, Body Size, Food Chain, Markov Chains, Models, Monte Carlo Method, Predatory Behavior, Species Specificity},
title = {Modeling food webs: exploring unexplained structure using latent traits.},
issn = {1537-5323},
number = {2},
month = {aug},
volume = {176},
link = {http://www.ncbi.nlm.nih.gov/pubmed/20540609},
pages = {170–7},
year = {2010},
journal = {The American naturalist},
}
@ARTICLE{woodward_climate_2012,author = {Woodward, G. and Brown, L. E. and Edwards, F. K. and Hudson, L. N. and Milner, A. M. and Reuman, D. C. and Ledger, M. E.},
title = {Climate change impacts in multispecies systems: drought alters food web size structure in a field experiment},
issn = {0962-8436},
number = {1605},
month = {sep},
volume = {367},
link = {http://rstb.royalsocietypublishing.org/content/367/1605/2990.short?rss=1},
pages = {2990–2997},
year = {2012},
journal = {Philosophical Transactions of the Royal Society B: Biological Sciences},
}
@ARTICLE{schleuning_specialization_2011,author = {Schleuning, Matthias and Blüthgen, Nico and Flörchinger, Martina and Braun, Julius and Schaefer, H Martin and Böhning-Gaese, Katrin},
title = {Specialization and interaction strength in a tropical plant-frugivore network differ among forest strata},
journal = {Ecology},
issn = {0012-9658},
number = {1},
month = {may},
volume = {92},
link = {http://www.esajournals.org/doi/abs/10.1890/09-1842.1},
year = {2011},
pages = {26–36},
}
@ARTICLE{gilman_framework_2010,author = {Gilman, Sarah E and Urban, Mark C and Tewksbury, Joshua and Gilchrist, George W and Holt, Robert D},
keyword = {Animal, Animals, Behavior, Biological, Climate Change, Demography, Ecosystem, Human Activities, Models},
title = {A framework for community interactions under climate change.},
issn = {0169-5347},
number = {6},
month = {jun},
volume = {25},
link = {http://www.ncbi.nlm.nih.gov/pubmed/20392517},
pages = {325–331},
year = {2010},
journal = {Trends in Ecology \& Evolution},
}
@ARTICLE{allesina_competitive_2011,author = {Allesina, Stefano and Levine, {J.M.}},
title = {A competitive network theory of species diversity},
journal = {Proceedings of the National Academy of Sciences of the United States of America},
issn = {0027-8424},
number = {14},
volume = {108},
link = {http://www.pnas.org/content/108/14/5638.short},
year = {2011},
pages = {5638},
}
@INCOLLECTION{dunne_network_2006,publisher = {Oxford University Press},
author = {Dunne, Jennifer A},
booktitle = {Ecological networks: Linking structure and dynamics},
title = {The Network Structure of Food Webs},
editor = {Dunne, Jennifer A and Pascual, Mercedes},
year = {2006},
pages = {27–86},
}
@BOOK{price_macroevolutionary_2003,publisher = {Cambridge University Press},
isbn = {0521520371},
title = {Macroevolutionary Theory on Macroecological Patterns},
author = {Price, Peter W},
link = {http://books.google.com/books?hl=fr&lr=&id=qhkmf5oGVhsC&pgis=1},
address = {Cambridge},
}
@ARTICLE{dunne_network_2002,author = {Dunne, Jennifer A and Williams, Richard J and Martinez, Néo D},
journal = {Ecology Letters},
title = {Network structure and biodiversity loss in food webs: robustness increases with connectance},
number = {4},
volume = {5},
year = {2002},
pages = {558–567},
}
@ARTICLE{koch_socially_2011,author = {Koch, Hauke and Schmid-Hempel, Paul},
title = {Socially transmitted gut microbiota protect bumble bees against an intestinal parasite},
month = {nov},
link = {http://www.pnas.org/cgi/content/abstract/1110474108v1},
year = {2011},
journal = {PNAS},
}
@ARTICLE{brose_allometric_2006,author = {Brose, Ulrich and Williams, Richard J and Martinez, Néo D},
keyword = {Animals, Biological, Body Temperature Regulation, Body Weight, Computer Simulation, Food Chain, Invertebrates, Invertebrates: physiology, Models, Population Dynamics, Predatory Behavior, Predatory Behavior: physiology, Vertebrates, Vertebrates: physiology},
title = {Allometric scaling enhances stability in complex food webs.},
issn = {1461-0248},
number = {11},
month = {nov},
volume = {9},
link = {http://www.ncbi.nlm.nih.gov/pubmed/17040325},
pages = {1228–1236},
year = {2006},
journal = {Ecology letters},
}
@ARTICLE{estes_trophic_2011,author = {Estes, James A and Terborgh, John and Brashares, Justin S and Power, Mary E and Berger, Joel and Bond, William J and Carpenter, Stephen R and Essington, Timothy E and Holt, Robert D and Jackson, Jeremy B C and Marquis, Robert J and Oksanen, L. and Oksanen, Tarja and Paine, Robert T and Pikitch, Ellen K and Ripple, William J and Sandin, Stuart A and Scheffer, Marten and Schoener, Thomas W and Shurin, Jonathan B and Sinclair, Anthony R E and Soule, M E and Virtanen, Risto and Wardle, David A},
keyword = {Animals, biodiversity, Biological, Ecosystem, extinction, Feeding Behavior, Food Chain, Humans, Introduced Species, Population Dynamics, Predatory Behavior},
title = {Trophic Downgrading of Planet Earth},
issn = {0036-8075},
number = {6040},
month = {jul},
volume = {333},
link = {http://www.ncbi.nlm.nih.gov/pubmed/21764740 http://www.sciencemag.org/cgi/doi/10.1126/science.1205106},
pages = {301–306},
year = {2011},
journal = {Science},
}
@ARTICLE{angilletta_temperature_2004,note = {{PMID:} 21676736},
language = {en},
shorttitle = {Temperature, Growth Rate, and Body Size in Ectotherms},
title = {Temperature, Growth Rate, and Body Size in Ectotherms: Fitting Pieces of a Life-History Puzzle},
issn = {1540-7063, 1557-7023},
number = {6},
month = {dec},
volume = {44},
pages = {498--509},
link = {http://icb.oxfordjournals.org/content/44/6/498},
author = {Angilletta, Michael J. and Steury, Todd D. and Sears, Michael W.},
year = {2004},
urldate = {2013-05-23},
journal = {Integrative and Comparative Biology},
}
@ARTICLE{eveleigh_fluctuations_2007,author = {Eveleigh, Eldon S and {McCann}, Kevin S and {McCarthy}, Peter C and Pollock, Steven J and Lucarotti, Christopher J and Morin, Benoit and {McDougall}, George a and Strongman, Douglas B and Huber, John T and Umbanhowar, James and Faria, Lucas D B},
keyword = {Abies, Abies: parasitology, Animals, biodiversity, Food Chain, Insects, Insects: physiology, Species Specificity},
title = {Fluctuations in density of an outbreak species drive diversity cascades in food webs.},
issn = {0027-8424},
number = {43},
month = {oct},
volume = {104},
link = {http://www.pubmedcentral.nih.gov/articlerender.fcgi?artid=2040472&tool=pmcentrez&rendertype=abstract},
pages = {16976–16981},
year = {2007},
journal = {Proceedings of the National Academy of Sciences of the United States of America},
}
@ARTICLE{bluthgen_what_2008,author = {Blüthgen, Nico and Fründ, Jochen and Vázquez, Diego P and Menzel, Florian},
keyword = {Adaptation, Animals, biodiversity, Biological, Biological Evolution, Computer Simulation, Demography, Ecosystem, Food Chain, Models, Physiological, Population Density, Population Dynamics, population growth, Species Specificity},
title = {What do interaction network metrics tell us about specialization and biological traits?},
issn = {0012-9658},
number = {12},
month = {dec},
volume = {89},
link = {http://www.ncbi.nlm.nih.gov/pubmed/19137945},
pages = {3387–99},
year = {2008},
journal = {Ecology},
}
@ARTICLE{gomulkiewicz_hot_2000,author = {Gomulkiewicz, Richard and Thompson, John N and Holt, Robert D and Nuismer, Scott L and Hochberg, Michael E},
journal = {The American Naturalist},
title = {Hot spots, cold spots, and the geographic mosaic theory of coevolution},
volume = {156},
year = {2000},
pages = {156–174},
}
@ARTICLE{herrera_interaction_2002,title = {Interaction of pollinators and herbivores on plant fitness suggests a pathway for correlated evolution of mutualism-and antagonism-related traits},
journal = {Proceedings of the National Academy of Sciences},
author = {Herrera, Carlos M. and Medrano, Monica and Rey, Pedro J. and Sánchez-Lafuente, Alfonso M. and García, María B. and Guitian, Javier and Manzaneda, Antonio J.},
number = {26},
volume = {99},
link = {http://www.pnas.org/content/99/26/16823.short},
year = {2002},
urldate = {2013-12-02},
pages = {16823–16828},
}
@ARTICLE{araujo_using_2011,author = {Araújo, Miguel B and Rozenfeld, Alejandro and Rahbek, Carsten and Marquet, Pablo A},
title = {Using species co-occurrence networks to assess the impacts of climate change},
journal = {Ecography},
issn = {09067590},
number = {6},
month = {dec},
volume = {34},
link = {http://doi.wiley.com/10.1111/j.1600-0587.2011.06919.x},
year = {2011},
}
@ARTICLE{poisot_resource_2011,author = {Poisot, Timothée and Lepennetier, Gildas and Martinez, Esteban and Ramsayer, Johan and Hochberg, Michael E},
title = {Resource availability affects the structure of a natural bacteria-bacteriophage community.},
issn = {1744-{957X}},
number = {2},
month = {oct},
volume = {7},
link = {http://www.ncbi.nlm.nih.gov/pubmed/20961886},
pages = {201–204},
year = {2011},
journal = {Biology Letters},
}
@ARTICLE{baiser_geographic_2012,author = {Baiser, Benjamin and Gotelli, Nicholas J and Buckley, Hannah L. and Miller, Thomas E and Ellison, Aaron M.},
keyword = {2011 blackwell publishing ltd, america, chain length, climate, food web, keystone predation, network structure, north, pitcher plant, sarracenia purpurea},
title = {Geographic variation in network structure of a nearctic aquatic food web},
journal = {Global Ecology and Biogeography},
issn = {1466822X},
number = {5},
month = {may},
volume = {21},
link = {http://doi.wiley.com/10.1111/j.1466-8238.2011.00705.x},
year = {2012},
pages = {579–591},
}
@ARTICLE{memmott_tolerance_2004,author = {Memmott, Jane and Waser, N M and Price, M V},
journal = {Proceedings of the Royal Society B: Biological Sciences},
title = {Tolerance of pollination networks to species extinctions},
number = {1557},
volume = {271},
year = {2004},
pages = {2605–2611},
}
@INCOLLECTION{koen-alonso_process-oriented_2007,publisher = {Springer},
author = {Koen-Alonso, Mariano},
booktitle = {From energetics to ecosystems: the dynamics and structure of ecological systems},
title = {A process-oriented approach to the multispecies functional response},
link = {http://link.springer.com/content/pdf/10.1007/978-1-4020-5337-5_1.pdf},
year = {2007},
urldate = {2013-12-02},
pages = {1–36},
}
@ARTICLE{diniz-filho_macroecology_2008,keyword = {community, global changes, macroecology, methods, Phylogeny, {PNC}, varpart},
author = {Diniz-Filho, José Alexandre Felizola and Bini, Luis Mauricio},
journal = {Global Ecology and Biogeography},
title = {Macroecology, global change and the shadow of forgotten ancestors},
number = {1},
volume = {17},
link = {http://www.blackwell-synergy.com/doi/abs/10.1111/j.1466-8238.2007.00339.x?ai=v6&mi=b6d5l&af=R},
year = {2008},
pages = {11–17},
}
@ARTICLE{singer_disentangling_2004,author = {Singer, Michael C and Carriere, Y and Theuring, C and Hartmann, T},
journal = {The American Naturalist},
title = {Disentangling food quality from resistance against parasitoids: diet choice by a generalist caterpillar},
number = {3},
volume = {164},
year = {2004},
pages = {423–429},
}
@ARTICLE{allesina_stability_2012,author = {Allesina, Stefano and Tang, Si},
shorttitle = {Nature},
title = {Stability criteria for complex ecosystems.},
issn = {1476-4687},
number = {7388},
month = {feb},
volume = {483},
link = {http://dx.doi.org/10.1038/nature10832},
year = {2012},
journal = {Nature},
}
@ARTICLE{vazquez_species_2005,author = {Vazquez, Diego P. and Poulin, Robert and Krasnov, Boris R. and Shenbrot, Georgy I.},
title = {Species abundance and the distribution of specialization in host-parasite interaction networks},
journal = {Journal of Animal Ecology},
issn = {0021-8790},
number = {5},
month = {sep},
volume = {74},
link = {http://doi.wiley.com/10.1111/j.1365-2656.2005.00992.x},
year = {2005},
pages = {946–955},
}
@ARTICLE{vazquez_species_2007,author = {Vázquez, Diego P and Melián, Carlos J and Williams, Neal M and Blüthgen, Nico and Krasnov, Boris R and Poulin, Robert},
journal = {Oikos},
title = {Species abundance and asymmetric interaction strength in ecological networks},
number = {7},
volume = {116},
year = {2007},
pages = {1120–1127},
}
@ARTICLE{williams_simple_2000,author = {Williams, {RJ} and Martinez, {ND}},
journal = {Nature},
title = {Simple rules yield complex food webs},
number = {March},
volume = {404},
link = {http://userwww.sfsu.edu/ parker/bio840/pdfs/WilliamsMartinez2000.pdf},
year = {2000},
pages = {180–183},
}
@ARTICLE{poisot_dissimilarity_2012,author = {Poisot, Timothée and Canard, Elsa and Mouillot, David and Mouquet, Nicolas and Gravel, Dominique},
title = {The dissimilarity of species interaction networks.},
issn = {1461-0248},
number = {12},
month = {sep},
volume = {15},
link = {http://onlinelibrary.wiley.com/doi/10.1111/ele.12002/abstract http://www.ncbi.nlm.nih.gov/pubmed/22994257},
pages = {1353–1361},
year = {2012},
journal = {Ecology Letters},
}
@ARTICLE{may_stability_1973,author = {May, Robert M.},
journal = {American Naturalist},
title = {Stability in randomly fluctuating versus deterministic environments},
link = {http://www.jstor.org/stable/10.2307/2459663},
year = {1973},
urldate = {2013-12-02},
}
@ARTICLE{devictor_defining_2010,keyword = {community, elton, grinnell, measures, specialization, toolbox},
author = {Devictor, Vincent and Clavel, Joanna and Julliard, Romain and Lavergne, Sébastien and Mouillot, David and Thuiller, Wilfried and Vénail, Patrick and Villéger, Sébastien and Mouquet, Nicolas},
journal = {Journal of Applied Ecology},
title = {Defining and measuring ecological specialization},
volume = {47},
year = {2010},
pages = {15–25},
}
@ARTICLE{meynard_beyond_2011,author = {Meynard, Christine N and Devictor, Vincent and Mouillot, David and Thuiller, Wilfried and Jiguet, Frédéric and Mouquet, Nicolas},
title = {Beyond taxonomic diversity patterns: how do \${\textbackslash}alpha\$, \${\textbackslash}beta\$ and \${\textbackslash}gamma\$ components of bird functional and phylogenetic diversity respond to environmental gradients across France?},
journal = {Global Ecology and Biogeography},
issn = {1466822X},
number = {6},
month = {nov},
volume = {20},
link = {http://doi.wiley.com/10.1111/j.1466-8238.2010.00647.x},
year = {2011},
pages = {893–903},
}
@ARTICLE{krishna_neutral-niche_2008,author = {Krishna, Abhay and Guimarães Jr, Paulo R. and Jordano, Pedro and Bascompte, Jordi},
title = {A neutral-niche theory of nestedness in mutualistic networks},
journal = {Oikos},
issn = {00301299},
number = {11},
month = {oct},
volume = {117},
link = {http://doi.wiley.com/10.1111/j.1600-0706.2008.16540.x},
year = {2008},
pages = {1609–1618},
}
@ARTICLE{gandon_host-parasite_2008,keyword = {coevolution, local adaptation, Parasites, space, Time},
author = {Gandon, Sylvain and Buckling, Angus and Decaestecker, Ellen and Day, Troy},
journal = {Journal of Evolutionary Biology},
title = {Host-parasite coevolution and patterns of adaptation across time and space},
number = {6},
volume = {21},
year = {2008},
pages = {1861–1866},
}
@ARTICLE{rodriguez-cabal_node-by-node_2013,title = {Node-by-node disassembly of a mutualistic interaction web driven by species introductions},
journal = {Proceedings of the National Academy of Sciences},
author = {Rodriguez-Cabal, Mariano A. and Barrios-Garcia, M. Noelia and Amico, Guillermo C. and Aizen, Marcelo A. and Sanders, Nathan J.},
number = {41},
volume = {110},
link = {http://www.pnas.org/content/110/41/16503.short},
year = {2013},
urldate = {2013-12-02},
pages = {16503–16507},
}
@ARTICLE{dattilo_spatial_2013,language = {en},
copyright = {© 2013 The Authors},
title = {Spatial structure of ant–plant mutualistic networks},
issn = {1600-0706},
pages = {no–no},
link = {http://onlinelibrary.wiley.com/doi/10.1111/j.1600-0706.2013.00562.x/abstract},
author = {Dáttilo, Wesley and Guimarães, Paulo R. and Izzo, Thiago J.},
year = {2013},
urldate = {2013-05-28},
journal = {Oikos},
}
@ARTICLE{violle_return_2012,author = {Violle, Cyrille and Enquist, Brian J and {McGill}, Brian J and Jiang, Lin and Albert, Cécile H and Hulshof, Catherine and Jung, Vincent and Messier, Julie},
keyword = {Animals, biodiversity, Ecology},
title = {The return of the variance: intraspecific variability in community ecology.},
issn = {0169-5347},
number = {4},
month = {apr},
volume = {27},
link = {http://www.cell.com/trends/ecology-evolution/fulltext/S0169-5347(11)00337-5 http://www.ncbi.nlm.nih.gov/pubmed/22244797},
year = {2012},
journal = {Trends in ecology \& evolution},
}
@ARTICLE{golubski_modifying_2011,author = {Golubski, Antonio J and Abrams, Peter A},
title = {Modifying modifiers: what happens when interspecific interactions interact?},
issn = {1365-2656},
number = {5},
month = {sep},
volume = {80},
link = {http://doi.wiley.com/10.1111/j.1365-2656.2011.01852.x http://www.ncbi.nlm.nih.gov/pubmed/21561452},
pages = {1097–1108},
year = {2011},
journal = {Journal of Animal Ecology},
}
@ARTICLE{stouffer_compartmentalization_2011,author = {Stouffer, Daniel B and Bascompte, Jordi},
title = {Compartmentalization increases food-web persistence.},
issn = {1091-6490},
number = {9},
month = {feb},
volume = {108},
link = {http://www.ncbi.nlm.nih.gov/pubmed/21307311},
pages = {3648–3652},
year = {2011},
journal = {Proceedings of the National Academy of Sciences of the United States of America},
}
@ARTICLE{duffy_functional_2007,keyword = {Ecosystem functioning, grazing, horizontal diversity},
title = {The functional role of biodiversity in ecosystems: incorporating trophic complexity},
author = {Duffy, J Emmett and Cardinale, Bradley J and France, Kristin E and {McIntyre}, Peter B and Thébault, Elisa and Loreau, Michel},
number = {6},
pages = {522–538},
volume = {10},
year = {2007},
journal = {Ecology Letters},
}
@ARTICLE{bonsall_parasitoid-mediated_1999,author = {Bonsall, Michael B and Hassell, Michael P},
journal = {Population Ecology},
title = {Parasitoid-mediated effects: apparent competition and the persistence of host–parasitoid assemblages},
number = {1},
volume = {41},
year = {1999},
}
@ARTICLE{baskerville_spatial_2011,author = {Baskerville, Edward B. and Dobson, Andy P. and Bedford, Trevor and Allesina, Stefano and Anderson, T. Michael and Pascual, Mercedes},
title = {Spatial Guilds in the Serengeti Food Web Revealed by a Bayesian Group Model},
journal = {{PLoS} Computational Biology},
issn = {1553-7358},
number = {12},
month = {dec},
volume = {7},
link = {http://dx.plos.org/10.1371/journal.pcbi.1002321},
editor = {Meyers, Lauren Ancel},
year = {2011},
pages = {e1002321},
}
@ARTICLE{burdon_coevolution_2009,keyword = {coevolution},
author = {Burdon, Jeremy J and Thrall, Peter H},
journal = {Science},
title = {Coevolution of plants and their pathogens in natural habitats},
number = {5928},
volume = {324},
year = {2009},
pages = {755},
}
@ARTICLE{piechnik_food-web_2008,shorttitle = {Food-web assembly during a classic biogeographic study},
title = {Food-web assembly during a classic biogeographic study: species’“trophic breadth” corresponds to colonization order},
journal = {Oikos},
author = {Piechnik, Denise A. and Lawler, Sharon P. and Martinez, Neo D.},
number = {5},
volume = {117},
link = {http://onlinelibrary.wiley.com/doi/10.1111/j.0030-1299.2008.15915.x/full},
year = {2008},
urldate = {2013-12-02},
pages = {665–674},
}
@ARTICLE{devictor_spatial_2010,author = {Devictor, Vincent and Mouillot, David and Meynard, Christine and Jiguet, Frédéric and Thuiller, Wilfried and Mouquet, Nicolas},
title = {Spatial mismatch and congruence between taxonomic, phylogenetic and functional diversity: the need for integrative conservation strategies in a changing world},
issn = {1461023X},
number = {8},
month = {jun},
volume = {13},
link = {http://blackwell-synergy.com/doi/abs/10.1111/j.1461-0248.2010.01493.x},
pages = {1030–1040},
year = {2010},
journal = {Ecology Letters},
}
@ARTICLE{heil_protective_2003,author = {Heil, M and {McKey}, Doyle},
journal = {Annual Review of Ecology, Evolution, and Systematics},
title = {Protective ant-plant interactions as model systems in ecological and evolutionary research},
number = {1},
volume = {34},
year = {2003},
pages = {425–553},
}
@ARTICLE{stouffer_evolutionary_2012,author = {Stouffer, Daniel B and Sales-Pardo, Marta and Sirer, M Irmak and Bascompte, Jordi},
journal = {Science},
title = {Evolutionary Conservation of Species' Roles in Food Webs},
volume = {335},
year = {2012},
pages = {1489–1492},
}
@ARTICLE{rezende_non-random_2007,author = {Rezende, Enrico L and Lavabre, Jessica E and Guimarães, Paulo R and Jordano, Pedro and Bascompte, Jordi},
keyword = {Animals, biodiversity, Biological, Classification, Ecosystem, extinction, Feeding Behavior, Phylogeny, Plants, Plants: classification, Plants: metabolism, Pollen, Pollen: metabolism, Species Specificity, Symbiosis, Symbiosis: physiology},
title = {Non-random coextinctions in phylogenetically structured mutualistic networks.},
issn = {1476-4687},
number = {7156},
month = {aug},
volume = {448},
link = {http://www.ncbi.nlm.nih.gov/pubmed/17713534},
year = {2007},
journal = {Nature},
}
@ARTICLE{havens_scale_1992,author = {Havens, Karl},
title = {Scale and structure in natural food webs.},
issn = {0036-8075},
number = {5073},
month = {aug},
volume = {257},
link = {http://www.sciencemag.org/content/257/5073/1107.abstract http://www.ncbi.nlm.nih.gov/pubmed/17840281},
year = {1992},
journal = {Science},
}
@ARTICLE{gravel_inferring_2013,author = {Gravel, Dominique and Poisot, Timothée and Albouy, Camille and Velez, Laure and Mouillot, David},
journal = {Methods in Ecology and Evolution},
title = {Inferring food web structure from predator-prey body size relationships},
year = {2013},
}
@ARTICLE{bolnick_ecology_2003,author = {Bolnick, Daniel I and Svanbäck, Richard and Fordyce, James A and Yang, Louie H and Davis, Jeremy M and Hulsey, C Darrin and Forister, Matthew L},
keyword = {Animals, Biological, Conservation of Natural Resources, Ecology, evolution, Genetic Variation, Models, Sample Size, Species Specificity},
title = {The ecology of individuals: incidence and implications of individual specialization.},
issn = {0003-0147},
number = {1},
month = {jan},
volume = {161},
link = {http://www.ncbi.nlm.nih.gov/pubmed/12650459},
pages = {1–28},
year = {2003},
journal = {The American Naturalist},
}
@ARTICLE{saavedra_strong_2011,author = {Saavedra, Serguei and Stouffer, Daniel B. and Uzzi, Brian and Bascompte, Jordi},
title = {Strong contributors to network persistence are the most vulnerable to extinction},
journal = {Nature},
issn = {0028-0836},
number = {7368},
month = {sep},
volume = {478},
link = {http://www.nature.com/doifinder/10.1038/nature10433},
year = {2011},
pages = {233–235},
}
@ARTICLE{ohba_field_2011,author = {Ohba, Shin-ya},
title = {Field observation of predation on a turtle by a giant water bug},
journal = {Entomological Science},
issn = {13438786},
number = {3},
month = {jul},
volume = {14},
link = {http://doi.wiley.com/10.1111/j.1479-8298.2011.00450.x},
year = {2011},
urldate = {2013-03-09},
pages = {364--365},
}
@ARTICLE{woodward_ecological_2010,author = {Woodward, Guy and Benstead, Jonathan P. and Beveridge, Oliver S. and Blanchard, Julia and Brey, Thomas and Brown, Lee E. and Cross, Wyatt F. and Friberg, Nikolai and Ings, Thomas C. and Jacob, Ute},
journal = {Advances in Ecological Research},
title = {Ecological networks in a changing climate},
volume = {42},
link = {http://books.google.ca/books?hl=fr&lr=&id=9B5ImWejA9IC&oi=fnd&pg=PA71&dq=woodward+2010+advances+ecol+res&ots=YwForILqMx&sig=bjVIW8YKRk7C64rrYnpNxCDdEEw},
year = {2010},
urldate = {2013-12-02},
pages = {71–138},
}
@ARTICLE{kefi_more_2012,author = {Kéfi, Sonia and Berlow, Eric L. and Wieters, Evie A. and Navarrete, Sergio A. and Petchey, Owen L. and Wood, Spencer A. and Boit, Alice and Joppa, Lucas N. and Lafferty, Kevin D. and Williams, Richard J. and Martinez, Neo D and Menge, Bruce A. and Blanchette, Carol A. and Iles, Alison C. and Brose, Ulrich},
title = {More than a meal{\textbackslash}ldots integrating non-feeding interactions into food webs.},
issn = {1461-0248},
month = {feb},
volume = {15},
link = {http://doi.wiley.com/10.1111/j.1461-0248.2011.01732.x http://www.ncbi.nlm.nih.gov/pubmed/22313549},
year = {2012},
journal = {Ecology letters},
}
@ARTICLE{sanders_indirect_2012,author = {Sanders, Dirk and van Veen, F J Frank},
keyword = {Aphids, food web, indirect effects, parasitoid, resource competition, Secondary},
title = {Indirect commensalism promotes persistence of secondary consumer species.},
issn = {1744-{957X}},
number = {August},
month = {aug},
link = {http://www.ncbi.nlm.nih.gov/pubmed/22896268},
pages = {960–963},
year = {2012},
journal = {Biology letters},
}
@ARTICLE{tylianakis_habitat_2007,title = {Habitat modification alters the structure of tropical host–parasitoid food webs},
journal = {Nature},
author = {Tylianakis, J. M. and Tscharntke, T. and Lewis, O. T.},
number = {7124},
volume = {445},
link = {http://www.nature.com/nature/journal/v445/n7124/abs/nature05429.html},
year = {2007},
urldate = {2013-01-28},
pages = {202–205},
}
@ARTICLE{wootton_field_2005,author = {Wootton, J Timothy},
keyword = {Animals, biodiversity, Biological, Bivalvia, Bivalvia: physiology, Ecology, Models, Population Dynamics, Species Specificity, Stochastic Processes},
title = {Field parameterization and experimental test of the neutral theory of biodiversity.},
issn = {1476-4687},
number = {7023},
month = {jan},
volume = {433},
link = {http://www.ncbi.nlm.nih.gov/pubmed/15662423},
pages = {309–12},
year = {2005},
journal = {Nature},
}
@ARTICLE{canard_emergence_2012,author = {Canard, Elsa and Mouquet, Nicolas and Marescot, Lucile and Gaston, Kevin J. and Gravel, Dominique and Mouillot, David},
title = {Emergence of Structural Patterns in Neutral Trophic Networks},
issn = {1932-6203},
number = {8},
month = {aug},
volume = {7},
link = {http://dx.plos.org/10.1371/journal.pone.0038295},
pages = {e38295},
year = {2012},
journal = {PLoS} {ONE},
}
@ARTICLE{nuismer_coevolution_2003,author = {Nuismer, Scott L and Thompson, John N and Gomulkiewicz, Richard},
journal = {Journal of Evolutionary Biology},
title = {Coevolution between hosts and parasites with partially overlapping geographic ranges.},
number = {6},
volume = {16},
year = {2003},
pages = {1337–1345},
}
@ARTICLE{olesen_missing_2011,author = {Olesen, Jens M and Bascompte, Jordi and Dupont, Yoko L and Elberling, Heidi and Rasmussen, Claus and Jordano, Pedro},
keyword = {Animals, Arctic Regions, Birds, Demography, Ecosystem, Insects, mammals, Mediterranean Region, Pollination, Pollination: physiology, Seeds, Seeds: physiology, Symbiosis, Symbiosis: physiology},
title = {Missing and forbidden links in mutualistic networks.},
issn = {1471-2954},
number = {1706},
month = {mar},
volume = {278},
link = {http://www.ncbi.nlm.nih.gov/pubmed/20843845 http://www.pubmedcentral.nih.gov/articlerender.fcgi?artid=3030842&tool=pmcentrez&rendertype=abstract},
pages = {725–32},
year = {2011},
journal = {Proceedings. Biological sciences / The Royal Society},
}
@ARTICLE{olivier_are_2012,author = {Olivier, Lesouhaitier},
journal = {Journal of Bacteriology \& Parasitology},
title = {Are Opportunistic Pathogens Able to Sense the Weakness of Host through Specific Detection of Human Hormone?},
link = {http://www.omicsonline.org/2155-9597/2155-9597-3-e106.php?aid=6844},
year = {2012},
urldate = {2013-05-23},
}
@ARTICLE{thuiller_road_2013,language = {en},
copyright = {© 2013 John Wiley \& Sons {Ltd/CNRS}},
title = {A road map for integrating eco-evolutionary processes into biodiversity models},
issn = {1461-0248},
pages = {94–105},
volume = {16},
link = {http://onlinelibrary.wiley.com/doi/10.1111/ele.12104/abstract},
author = {Thuiller, Wilfried and Münkemüller, Tamara and Lavergne, Sébastien and Mouillot, David and Mouquet, Nicolas and Schiffers, Katja and Gravel, Dominique},
year = {2013},
urldate = {2013-05-23},
keyword = {Biotic interactions, hybrid modelling, metacommunity, rapid adaptation, species distribution},
journal = {Ecology Letters},
}
@ARTICLE{berlow_simple_2009,author = {Berlow, Eric L and Dunne, Jennifer a and Martinez, Neo D and Stark, Philip B and Williams, Richard J and Brose, Ulrich},
keyword = {Animals, Biological, Biomass, Body Size, Ecology, extinction, Feeding Behavior, Food Chain, Models, Population Dynamics, Theoretical},
title = {Simple prediction of interaction strengths in complex food webs.},
issn = {1091-6490},
number = {1},
month = {jan},
volume = {106},
link = {http://www.pubmedcentral.nih.gov/articlerender.fcgi?artid=2629248&tool=pmcentrez&rendertype=abstract},
pages = {187–91},
year = {2009},
journal = {Proceedings of the National Academy of Sciences of the United States of America},
}
@ARTICLE{bolnick_why_2011,author = {Bolnick, Daniel I and Amarasekare, Priyanga and Araújo, Márcio S and Bürger, Reinhard and Levine, Jonathan M and Novak, Mark and Rudolf, Volker H W and Schreiber, Sebastian J and Urban, Mark C and Vasseur, David A},
keyword = {Biological, Biological Evolution, Biota, Demography, Genetic Variation, Models, Phenotype, Population Density},
title = {Why intraspecific trait variation matters in community ecology.},
issn = {0169-5347},
number = {4},
month = {apr},
volume = {26},
link = {http://www.ncbi.nlm.nih.gov/pubmed/21367482 http://www.pubmedcentral.nih.gov/articlerender.fcgi?artid=3088364&tool=pmcentrez&rendertype=abstract},
pages = {183–192},
year = {2011},
journal = {Trends in Ecology \& Evolution},
}
@ARTICLE{gravel_trophic_2011,author = {Gravel, Dominique and Massol, Fran{\textbackslash}ccois and Canard, Elsa and Mouillot, David and Mouquet, Nicolas},
keyword = {Animals, biodiversity, Biological, Computer Simulation, diet, Food Chain, Geography, Models, phylogeography},
title = {Trophic theory of island biogeography.},
issn = {1461-0248},
number = {10},
month = {oct},
volume = {14},
link = {http://doi.wiley.com/10.1111/j.1461-0248.2011.01667.x http://www.ncbi.nlm.nih.gov/pubmed/21806744},
pages = {1010–1016},
year = {2011},
journal = {Ecology Letters},
}
@ARTICLE{eklof_relevance_2011,author = {Eklof, Anna and Helmus, Matthew R. and Moore, M. and Allesina, Stefano and Eklöf, Anna},
keyword = {complex networks, dimension, food webs, species traits, taxonomy},
title = {Relevance of evolutionary history for food web structure.},
issn = {1471-2954},
number = {November 2011},
month = {nov},
volume = {279},
link = {http://rspb.royalsocietypublishing.org/cgi/content/abstract/279/1733/1588 http://www.pubmedcentral.nih.gov/articlerender.fcgi?artid=3282352&tool=pmcentrez&rendertype=abstract http://rspb.royalsocietypublishing.org/cgi/content/abstract/rspb.2011.2149v1},
pages = {1588–1596},
year = {2011},
annote = {From Duplicate 1 ( Relevance of evolutionary history for food web structure. - Eklöf, Anna; Helmus, Matthew R; Moore, M; Allesina, Stefano ) And Duplicate 3 ( Relevance of evolutionary history for food web structure - Eklof, Anna; Helmus, Matthew R.; Moore, M.; Allesina, Stefano ) From Duplicate 2 ( Relevance of evolutionary history for food web structure. - Eklöf, Anna; Helmus, Matthew R; Moore, M; Allesina, Stefano )},
journal = {Proceedings of the Royal Society B: Biological Sciences},
}
@ARTICLE{janzen_neotropical_1982,shorttitle = {Neotropical anachronisms},
title = {Neotropical anachronisms: the fruits the gomphotheres ate},
journal = {Science},
author = {Janzen, Daniel H. and Martin, Paul S.},
number = {4528},
volume = {215},
link = {http://bio.research.ucsc.edu/people/doaklab/extras/rockin/janzen-martin-1982.pdf},
year = {1982},
urldate = {2013-12-02},
pages = {19–27},
}
@ARTICLE{singer_tritrophic_2012,author = {Singer, Michael S and Farkas, Timothy E and Skorik, Christian M and Mooney, Kailen a},
keyword = {density-dependent predation, herbivory, high-mortality hypothesis, ification, interaction mod-, rect effect, slow-growth, trait-related indi-, trophic cascade},
title = {Tritrophic interactions at a community level: effects of host plant species quality on bird predation of caterpillars.},
issn = {1537-5323},
number = {3},
month = {mar},
volume = {179},
link = {http://www.ncbi.nlm.nih.gov/pubmed/22322224},
pages = {363–74},
year = {2012},
journal = {The American naturalist},
}
@ARTICLE{choh_predator-prey_2012,author = {Choh, Yasuyuki and Ignacio, Maira and Sabelis, Maurice W. and Janssen, Arne},
title = {Predator-prey role reversals, juvenile experience and adult antipredator behaviour},
journal = {Scientific Reports},
issn = {2045-2322},
month = {oct},
volume = {2},
link = {http://www.nature.com/doifinder/10.1038/srep00728},
year = {2012},
urldate = {2013-03-09},
}
@ARTICLE{menke_plant-frugivore_2012,author = {Menke, Sebastian and Böhning-Gaese, Katrin and Schleuning, Matthias},
title = {Plant-frugivore networks are less specialized and more robust at forest-farmland edges than in the interior of a tropical forest},
journal = {Oikos},
issn = {00301299},
number = {10},
month = {oct},
volume = {121},
link = {http://doi.wiley.com/10.1111/j.1600-0706.2011.20210.x},
year = {2012},
pages = {1553–1566},
}
@BOOK{thompson_geographic_2005,publisher = {University Of Chicago Press},
author = {Thompson, John N},
title = {The Geographic Mosaic of Coevolution},
year = {2005},
}
@ARTICLE{bluthgen_measuring_2006,author = {Blüthgen, Nico and Menzel, Florian and Blüthgen, Nils},
keyword = {Adaptation, Animals, Argentina, Bees, Bees: physiology, Biological, Computer Simulation, Ecosystem, Food Chain, Great Britain, Models, Physiological, Plant Physiological Phenomena, Pollen, Population Dynamics, Species Specificity},
title = {Measuring specialization in species interaction networks.},
issn = {1472-6785},
month = {jan},
volume = {6},
link = {http://www.pubmedcentral.nih.gov/articlerender.fcgi?artid=1570337&tool=pmcentrez&rendertype=abstract},
pages = {9},
year = {2006},
journal = {{BMC} ecology},
}
